@book{ProgrammingLanguagePragmatics,
    author="Michael Lee Scott",
    title="Programming language pragmatics",
    publisher="Morgan Kaufmann Publishers",
    year="2000",
    ISBN="1-55860-442-1"
}

@book{RISCV,
    author="David Patterson and Andrew Waterman",
    title="The RISC-V reader: an open architecture atlas",
    publisher="Strawberry Canyon LLC",
    year="2017",
    ISBN="978-0-9992491-1-6"
}

@book{Linkers,
    author="John R. Levine",
    title="Linkers and loaders",
    publisher="Morgan Kaufmann Publishers",
    year="2000",
    ISBN="978-1-55860-496-4"
}

@book{OperatingSystems,
    author="Andrew S. Tannenbaum and Herbert Bos",
    title="Modern Operating Systems (4th Edition)",
    maintitle="Systemy Operacyjne. Wydanie IV",
    publisher="HELION S.A.",
    year="2016",
    ISBN="978-83-283-1422-1"
}

@book{Golang,
    author="Alan A. A. Donovan and Brian W. Kernighan",
    title="The Go Programming Language",
    maintitle="Język Go",
    publisher="HELION S.A.",
    year="2016",
    ISBN="978-83-283-2467-1"
}

@misc{AmdProductThreadripper,
    howpublished="\url{https://www.amd.com/en/products/ryzen-threadripper}",
    author="AMD",
    title="Ryzen Threadripper",
    year="2018",
    note="Dostęp 2019-04-11"
}

@book{PWNAngielskoPolskiRetrofit,
    author="dr hab. Jadwiga Linde-Usienkiewicz",
    title="Wielki słownik angielsko-polski",
    publisher="Wydawnictwo Naukowe PWN SA",
    year="2011",
    ISBN="978-83-01-13708-3"
}

@book{Scrum,
    author="Ken Schwaber and Jeff Sutherland",
    title="The Scrum Guide™. The Definitive Guide to Scrum: The Rules of the Game",
    maintitle="Scrum Guide™. Przewodnik po Scrumie: Reguły gry",
    year="2017"
}
